@article{albayrak2012flow,
 author = {Albayrak, Ismail and Nikora, Vladimir and Miler, Oliver and O’Hare, Matthew},
 journal = {Aquat Sci},
 number = {2},
 pages = {267--286},
 publisher = {Springer},
 title = {Flow-plant interactions at a leaf scale: effects of leaf shape, serration, roughness and flexural rigidity},
 volume = {74},
 year = {2012}
}

@article{bae2014flutter,
 author = {Bae, Jihyun and Lee, Jeongsu and Kim, SeongMin and Ha, Jaewook and Lee, Byoung-Sun and Park, YoungJun and Choong, Chweelin and Kim, Jin-Baek and Wang, Zhong Lin and Kim, Ho-Young and others},
 journal = {Nat Commun},
 pages = {4929},
 publisher = {Nature Publishing Group},
 title = {Flutter-driven triboelectrification for harvesting wind energy},
 volume = {5},
 year = {2014}
}

@article{bai2014refractive,
 author = {Bai, Kunlun and Katz, Joseph},
 journal = {Exp Fluids},
 number = {4},
 pages = {1704},
 publisher = {Springer},
 title = {On the refractive index of sodium iodide solutions for index matching in PIV},
 volume = {55},
 year = {2014}
}

@inproceedings{blois2012versatile,
 author = {Blois, Gianluca and Christensen, Kenneth and Best, James and Elliott, Gregory and Austin, Joanna and Dutton, J Craig and Bragg, Michael and Garcia, Marcelo and Fouke, Bruce},
 booktitle = {50th AIAA Aerospace Sciences Meeting including the New Horizons Forum and Aerospace Exposition},
 pages = {736},
 title = {A versatile refractive-index-matched flow facility for studies of complex flow systems across scientific disciplines},
 year = {2012}
}

@article{chen2013flow,
 author = {Chen, Zhengbing and Jiang, Chunbo and Nepf, Heidi},
 journal = {Water Resour Res},
 number = {9},
 pages = {5537--5551},
 publisher = {Wiley Online Library},
 title = {Flow adjustment at the leading edge of a submerged aquatic canopy},
 volume = {49},
 year = {2013}
}

@article{finnigan2000turbulence,
 author = {Finnigan, John},
 journal = {Annu Rev Fluid Mech},
 number = {1},
 pages = {519--571},
 publisher = {Annual Reviews 4139 El Camino Way, PO Box 10139, Palo Alto, CA 94303-0139, USA},
 title = {Turbulence in plant canopies},
 volume = {32},
 year = {2000}
}

@article{fonseca1992preliminary,
 author = {Fonseca, Mark S and Cahalan, Jennifer A},
 journal = {Estuarine Coastal Shelf Sci},
 number = {6},
 pages = {565--576},
 publisher = {Elsevier},
 title = {A preliminary evaluation of wave attenuation by four species of seagrass},
 volume = {35},
 year = {1992}
}

@article{gambi1990flume,
 author = {Gambi, Maria Cristina and Nowell, Arthur RM and Jumars, Peter A},
 journal = {Marine ecology progress series. Oldendorf},
 number = {1},
 pages = {159--169},
 title = {Flume observations on flow dynamics in Zostera marina(eelgrass) beds.},
 volume = {61},
 year = {1990}
}

@article{ghisalberti2002mixing,
 author = {Ghisalberti, Marco and Nepf, Heidi M},
 journal = {J Geophys Res-Oceans},
 number = {C2},
 publisher = {Wiley Online Library},
 title = {Mixing layers and coherent structures in vegetated aquatic flows},
 volume = {107},
 year = {2002}
}

@article{ghisalberti2006structure,
 author = {Ghisalberti, Marco and Nepf, Heidi},
 journal = {Environ Fluid Mech},
 number = {3},
 pages = {277--301},
 publisher = {Springer},
 title = {The structure of the shear layer in flows over rigid and flexible canopies},
 volume = {6},
 year = {2006}
}

@article{gosselin2010drag,
 author = {Gosselin, Fr{\'e}d{\'e}rick and De Langre, Emmanuel and Machado-Almeida, Bruno A},
 journal = {J Fluid Mech},
 pages = {319--341},
 publisher = {Cambridge University Press},
 title = {Drag reduction of flexible plates by reconfiguration},
 volume = {650},
 year = {2010}
}

@article{hamed2017impact,
 author = {Hamed, AM and Sadowski, MJ and Nepf, HM and Chamorro, LP},
 journal = {J Fluid Mech},
 pages = {1176--1196},
 publisher = {Cambridge University Press},
 title = {Impact of height heterogeneity on canopy turbulence},
 volume = {813},
 year = {2017}
}

@article{jin2018couple,
 author = {Jin, Y and Kim, J-T and Mao, Z and Chamorro, LP},
 journal = {J Fluid Mech},
 publisher = {Cambridge University Press},
 title = {On the couple dynamics of wall-mounted flexible plates in tandem},
 volume = {852},
 year = {2018}
}

@article{jin2018flow,
 author = {Jin, Yaqing and Kim, Jin-Tae and Hong, Liu and Chamorro, Leonardo P},
 journal = {Phys Fluids},
 number = {9},
 pages = {097102},
 publisher = {AIP Publishing},
 title = {Flow-induced oscillations of low-aspect-ratio flexible plates with various tip geometries},
 volume = {30},
 year = {2018}
}

@article{jin2018instability,
 author = {Jin, Yaqing and Kim, Jin-Tae and Chamorro, Leonardo P},
 journal = {Physical Review Fluids},
 number = {4},
 pages = {044701},
 publisher = {APS},
 title = {Instability-driven frequency decoupling between structure dynamics and wake fluctuations},
 volume = {3},
 year = {2018}
}

@article{kim2010constructive,
 author = {Kim, Sohae and Huang, Wei-Xi and Sung, Hyung Jin},
 journal = {J Fluid Mech},
 pages = {511--521},
 publisher = {Cambridge University Press},
 title = {Constructive and destructive interaction modes between two tandem flexible flags in viscous flow},
 volume = {661},
 year = {2010}
}

@article{kim2016three,
 author = {Kim, Jin-Tae and Kim, David and Liberzon, Alex and Chamorro, Leonardo P},
 journal = {Jove-J Vis Exp},
 number = {108},
 publisher = {MyJoVE Corporation},
 title = {Three-dimensional particle tracking velocimetry for turbulence applications: Case of a jet flow},
 year = {2016}
}

@article{lawson2012enhancement,
 author = {Lawson, SE and McGlathery, KJ and Wiberg, PL},
 journal = {Mar Ecol Prog Ser},
 pages = {259--270},
 title = {Enhancement of sediment suspension and nutrient flux by benthic macrophytes at low biomass},
 volume = {448},
 year = {2012}
}

@article{lefebvre2010influence,
 author = {Lefebvre, A and Thompson, CEL and Amos, CL},
 journal = {Cont Shelf Res},
 number = {16},
 pages = {1783--1794},
 publisher = {Elsevier},
 title = {Influence of Zostera marina canopies on unidirectional flow, hydraulic roughness and sediment movement},
 volume = {30},
 year = {2010}
}

@article{luhar2011flow,
 author = {Luhar, Mitul and Nepf, Heidi M},
 journal = {Limnol Oceanogr},
 number = {6},
 pages = {2003--2017},
 publisher = {Wiley Online Library},
 title = {Flow-induced reconfiguration of buoyant and flexible aquatic vegetation},
 volume = {56},
 year = {2011}
}

@article{luhar2016wave,
 author = {Luhar, M and Nepf, HM},
 journal = {J Fluids Struct},
 pages = {20--41},
 publisher = {Elsevier},
 title = {Wave-induced dynamics of flexible blades},
 volume = {61},
 year = {2016}
}

@article{mccartney1994dispersal,
 author = {McCartney, H Alastair},
 journal = {Grana},
 number = {2},
 pages = {76--80},
 publisher = {Taylor \& Francis},
 title = {Dispersal of spores and pollen from crops},
 volume = {33},
 year = {1994}
}

@article{mcglathery2007eutrophication,
 author = {McGlathery, Karen J and Sundb{\"a}ck, Kristina and Anderson, Iris C},
 journal = {Mar Ecol Prog Ser},
 pages = {1--18},
 title = {Eutrophication in shallow coastal bays and lagoons: the role of plants in the coastal filter},
 volume = {348},
 year = {2007}
}

@book{naudascher2017flow,
 author = {Naudascher, Eduard},
 publisher = {Routledge},
 title = {Flow-induced Vibrations: an Engineering Guide: IAHR Hydraulic Structures Design Manuals 7},
 year = {2017}
}

@article{nepf2000flow,
 author = {Nepf, HM and Vivoni, ER},
 journal = {J Geophys Res-Oceans},
 number = {C12},
 pages = {28547--28557},
 publisher = {Wiley Online Library},
 title = {Flow structure in depth-limited, vegetated flow},
 volume = {105},
 year = {2000}
}

@article{nepf2012flow,
 author = {Nepf, Heidi M},
 journal = {Annu Rev Fluid Mech},
 pages = {123--142},
 publisher = {Annual Reviews},
 title = {Flow and transport in regions with aquatic vegetation},
 volume = {44},
 year = {2012}
}

@article{nezu2008turburence,
 author = {Nezu, Iehisa and Sanjou, Michio},
 journal = {J Hydro-environ Res},
 number = {2},
 pages = {62--90},
 publisher = {Elsevier},
 title = {Turburence structure and coherent motion in vegetated canopy open-channel flows},
 volume = {2},
 year = {2008}
}

@article{o2019dynamic,
 author = {O’Connor, Joseph and Revell, Alistair},
 journal = {J Fluid Mech},
 pages = {189--216},
 publisher = {Cambridge University Press},
 title = {Dynamic interactions of multiple wall-mounted flexible flaps},
 volume = {870},
 year = {2019}
}

@article{okamoto2009turbulence,
 author = {Okamoto, Taka-Aki and Nezu, Iehisa},
 journal = {J Hydraulic Res},
 number = {6},
 pages = {798--810},
 publisher = {Taylor \& Francis},
 title = {Turbulence structure and “Monami” phenomena in flexible vegetated open-channel flows},
 volume = {47},
 year = {2009}
}

@article{okamoto2013spatial,
 author = {Okamoto, Taka-aki and Nezu, Iehisa},
 journal = {Environ Fluid Mech},
 number = {5},
 pages = {417--434},
 publisher = {Springer},
 title = {Spatial evolution of coherent motions in finite-length vegetation patch flow},
 volume = {13},
 year = {2013}
}

@article{okamoto2016flow,
 author = {Okamoto, Takaaki and Nezu, Iehisa and Sanjou, Michio},
 journal = {J Hydraul Eng},
 number = {3},
 pages = {251--262},
 publisher = {Taylor \& Francis},
 title = {Flow--vegetation interactions: length-scale of the “monami” phenomenon},
 volume = {54},
 year = {2016}
}

@article{ortiz2013mean,
 author = {Ortiz, Alejandra C and Ashton, Andrew and Nepf, Heidi},
 journal = {J Geophys Res-Earth},
 number = {4},
 pages = {2585--2599},
 publisher = {Wiley Online Library},
 title = {Mean and turbulent velocity fields near rigid and flexible plants and the implications for deposition},
 volume = {118},
 year = {2013}
}

@article{paul2012wave,
 author = {Paul, Maike and Bouma, Tjeerd J and Amos, Carl L},
 journal = {Mar Ecol Prog Ser},
 pages = {31--41},
 title = {Wave attenuation by submerged vegetation: combining the effect of organism traits and tidal current},
 volume = {444},
 year = {2012}
}

@article{poggi2004effect,
 author = {Poggi, Davide and Porporato, Amilcare and Ridolfi, Luca and Albertson, JD and Katul, GG},
 journal = {Boundary Layer Meteorol},
 number = {3},
 pages = {565--587},
 publisher = {Springer},
 title = {The effect of vegetation density on canopy sub-layer turbulence},
 volume = {111},
 year = {2004}
}

@incollection{raupach1996coherent,
 author = {Raupach, M\_R and Finnigan, JJ and Brunet, Y},
 booktitle = {Boundary-Layer Meteorology 25th Anniversary Volume, 1970--1995},
 pages = {351--382},
 publisher = {Springer},
 title = {Coherent eddies and turbulence in vegetation canopies: the mixing-layer analogy},
 year = {1996}
}

@article{vogel1984drag,
 author = {Vogel, Steven},
 journal = {Am Zool},
 number = {1},
 pages = {37--44},
 publisher = {Oxford University Press UK},
 title = {Drag and flexibility in sessile organisms},
 volume = {24},
 year = {1984}
}

